% This file was created with JabRef 2.9.2.
% Encoding: Cp1252

@ELECTRONIC{msu_paper,
  author = {P. Duxbury},
  title = {Variational QMC},
  howpublished = {\url{http://www.pa.msu.edu/~duxbury/courses/phy480/VarQMC.pdf}},
  owner = {Kian},
  timestamp = {2015.04.18}
}

@ELECTRONIC{jose_pdf,
  author = {J.A. Celis Gil},
  howpublished = {\url{https://github.com/JoseCelis/QMC/blob/master/qmc.pdf}},
  owner = {Kian},
  timestamp = {2015.04.18}
}

@BOOK{robert2013monte,
  title = {Monte Carlo statistical methods},
  publisher = {Springer Science \& Business Media},
  year = {2013},
  author = {Robert, Christian and Casella, George}
}

@ARTICLE{traynor1991,
  author = {Traynor, C.A. and Anderson, J.B. and Boghosian, B.M.},
  title = {A quantum Monte Carlo calculation of the ground state energy of the
	hydrogen molecule},
  journal = {The Journal of chemical physics},
  year = {1991},
  volume = {94},
  pages = {3657--3664},
  number = {5},
  doi = {http://dx.doi.org/10.1063/1.459737},
  owner = {Kian},
  publisher = {AIP Publishing},
  url = {http://scitation.aip.org/content/aip/journal/jcp/94/5/10.1063/1.459737}
}

@ELECTRONIC{hyplink,
  title = {Atomic units; Molecular Hamiltonian; Born-Oppenheimer approximation},
  howpublished = {\url{http://www.phys.ubbcluj.ro/~vchis/cursuri/cspm/course2.pdf}},
  owner = {Kian},
  timestamp = {2015.04.19}
}

